<?xml version="1.0" encoding="UTF-8"?><collection xmlns="http://www.loc.gov/MARC21/slim"><record><leader>00323nam--2200121-i-4500</leader><controlfield tag="001">000023060</controlfield><controlfield tag="002">20161230</controlfield><controlfield tag="005">20161230201034</controlfield><controlfield tag="008">060222s1000------------r-----000-0-eng-d</controlfield><datafield ind1=" " ind2=" " tag="080"><subfield code="a">002:001.891</subfield></datafield><datafield ind1=" " ind2=" " tag="245"><subfield code="a">Informarea documentara in activitatea de cercetare si dezvoltare</subfield></datafield><datafield ind1=" " ind2=" " tag="260"><subfield code="a">Bucuresti, Idt, 1971. 123p</subfield></datafield><datafield ind1=" " ind2=" " tag="852"><subfield code="a">34989</subfield></datafield></record></collection>